% @book{Knuth1998,
%  author = {Knuth, Donald E.},
%  title = {The art of computer programming,  volume 3: (2nd ed.) sorting and searching},
%  year = 1998,
%  publisher = {Addison Wesley Longman Publishing Co., Inc.},
%  address = {Redwood City, CA, USA}
% }

% @book{Pollefliet2011,
%   author = {Pollefliet, Leen},
%   title = {Schrijven van verslag tot eindwerk: do's en don'ts},
%   year = 2011,
%   publisher = {Academia Press},
%   address = {Gent}
% }

% @article{Creeger2009,
%   author = {Creeger, Mache},
%   journal = {Communications of the ACM},
%   number = {8},
%   pages = {50--56},
%   title = {{CTO Roundtable: Cloud Computing}},
%   volume = {52},
%   year = 200}
% }

@book{Meyer1988,
  author = {Meyer, Bertrand},
  title = {Object-Oriented Software Construction},
  year = 1988,
  publisher = {Prentice Hall},
  address = {United States},
  isbn = {0136290493}
}

@misc{Fowler2005CQS,
  author = {Fowler, Martin},
  title = {Command Query Separation},
  type = {Blog},
  month = 12,
  year = 2005,
  note = {Last visited on 2017-04-20},
  howpublished = {\url{https://www.martinfowler.com/bliki/CommandQuerySeparation.html}}
}

@misc{FowlerAggregate,
  author = {Fowler, Martin},
  title = {DDD Aggregate},
  type = {Blog},
  month = 12,
  year = 2005,
  note = {Last visited on 2017-04-20},
  howpublished = {\url{https://www.martinfowler.com/bliki/DDD_Aggregate.html}}
}

@misc{Verraes2015Messages,
  author = {Verraes, Matthias},
  title = {Messaging Flavours - Differentiating between informational, interrogatory, and imperative messages, and keeping them nicely separated.},
  type = {Blog},
  month = 1,
  year = 2015,
  note = {Last visited on 2017-03-19},
  howpublished = {\url{http://verraes.net/2015/01/messaging-flavours/}}
}

@misc{Verraes2014DDDLinguistic,
  author = {Verraes, Matthias},
  title = {Domain-Driven Design is Linguistic - Just because two behaviours lead to the same outcome, does not mean they are replaceable.},
  type = {Blog},
  month = 1,
  year = 2014,
  note = {Last visited on 2017-03-22},
  howpublished = {\url{http://verraes.net/2014/01/domain-driven-design-is-linguistic/}}
}

@misc{Verraes2015ValueObjects,
  author = {Verraes, Matthias},
  title = {Value Objects and User Interfaces - Separate value objects in your model from concepts that serve the UI.},
  type = {Blog},
  month = 11,
  year = 2015,
  note = {Last visited on 2017-05-30},
  howpublished = {\url{http://verraes.net/2013/11/value-objects-and-user-interfaces/}}
}

@misc{Verraes2015FormCommandModel,
  author = {Verraes, Matthias},
  title = {Form, Command, and Model Validation - Make a clear distinction between different layers of validation.},
  type = {Blog},
  month = 2,
  year = 2015,
  note = {Last visited on 2017-05-30},
  howpublished = {\url{http://verraes.net/2015/02/form-command-model-validation/}}
}

@misc{Claes2013Identity,
  author = {Claes, Jef},
  title = {Accidental entities - you don't need that identity.},
  type = {Blog},
  month = 5,
  year = 2013,
  note = {Last visited on 2017-05-30},
  howpublished = {\url{http://www.jefclaes.be/2013/05/accidental-entities-you-dont-need-that.html}}
}

@misc{Young2010WhyEventSourcing,
  author = {Young, Greg},
  title = {Why use Event Sourcing?},
  type = {Blog},
  month = 2,
  year = 2010,
  note = {Last visited on 2017-04-18},
  howpublished = {\url{http://codebetter.com/gregyoung/2010/02/20/why-use-event-sourcing/}}
}

@misc{Young2014CQRSandES,
  author = {Young, Greg},
  title = {Greg Young - CQRS and Event Sourcing},
  type = {YouTube},
  month = 9,
  year = 2014,
  note = {Last visited on 2017-04-19},
  howpublished = {\url{https://www.youtube.com/watch?v=JHGkaShoyNs}}
}

@misc{King2015EventualConsistency,
  author = {King, Jef},
  title = {Jef King - Eventual Consistency},
  type = {YouTube},
  month = 7,
  year = 2015,
  note = {Last visited on 2017-05-13},
  howpublished = {\url{https://www.youtube.com/watch?v=fIfH-kUaX4c}}
}

@misc{Microsoft2017ES,
  author = {Microsoft},
  title = {Event Sourcing},
  type = {Blog},
  month = 3,
  year = 2017,
  note = {Last visited on 2017-04-20},
  howpublished = {\url{https://docs.microsoft.com/en-us/azure/architecture/patterns/event-sourcing}}
}

@misc{MicrosoftIntroducingES,
  author = {Microsoft},
  title = {Reference 3: Introducing Event Sourcing},
  type = {Blog},
  note = {Last visited on 2017-05-30},
  howpublished = {\url{https://msdn.microsoft.com/en-us/library/jj591559.aspx}}
}

@misc{Oliver2009Snapshots,
  author = {Microsoft},
  title = {Event Sourcing and Snapshots},
  type = {Blog},
  month = 3,
  year = 2009,
  note = {Last visited on 2017-05-30},
  howpublished = {\url{http://blog.jonathanoliver.com/event-sourcing-and-snapshots/}}
}

@article{chassaing2010event,
  title={Event Sourcing and CQRS, Snapshots!},
  author={Chassaing, J{\'e}r{\'e}mie},
  year={2010},
  publisher={J{\'e}r{\'e}mie Chassaing}
}

@www{belgischewetgeving,
  title = {Loi - Wet},
  note = {Last visited on 2017-04-20},
  howpublished = {\url{http://www.ejustice.just.fgov.be/wet/wet.htm}}
}

@www{malfait2017poc,
  author = {Malfait, Robin},
  title = {bachelorproef-eventsourcing-poc},
  note = {Last visited on 2017-05-30},
  howpublished = {\url{https://github.com/RobinMalfait/bachelorproef-eventsourcing-poc}}
}

@article{walter2005kryder,
  title = {Kryder's law},
  author = {Walter, Chip},
  journal = {Scientific American},
  volume = {293},
  number = {2},
  pages = {32--33},
  year = {2005},
  publisher = {Nature Publishing Group},
  note = {Last visited on 2017-05-30},
}

@article{mann2003standards,
  title={Standards in medical record keeping},
  author={Mann, Robin and Williams, John},
  journal={Clinical Medicine},
  volume={3},
  number={4},
  pages={329--332},
  year={2003},
  publisher={Royal College of Physicians}
}